<record><leader>00000cas a22000007a 4500</leader><controlfield tag="001">12818463</controlfield><controlfield tag="008">851119d19201952wvuwr ne      0    0eng d</controlfield><datafield ind1=" " ind2=" " tag="010"><subfield code="a">sn 85059682 </subfield></datafield><datafield ind1=" " ind2=" " tag="040"><subfield code="a">WVC</subfield><subfield code="b">eng</subfield><subfield code="c">WVC</subfield><subfield code="d">OCL</subfield><subfield code="d">OCLCQ</subfield></datafield><datafield ind1=" " ind2=" " tag="042"><subfield code="a">msc</subfield></datafield><datafield ind1="0" ind2=" " tag="130"><subfield code="a">Hampshire review (Romney, W. Va. : 1920)</subfield></datafield><datafield ind1="1" ind2="4" tag="245"><subfield code="a">The Hampshire review.</subfield></datafield><datafield ind1=" " ind2=" " tag="260"><subfield code="a">Romney, W. Va. :</subfield><subfield code="b">Cornwell,</subfield><subfield code="c">1920-1952.</subfield></datafield><datafield ind1=" " ind2=" " tag="300"><subfield code="a">v.</subfield></datafield><datafield ind1="0" ind2=" " tag="362"><subfield code="a">Vol. 37, no. 15 (Dec. 29, 1920)-v. 68, no. 35 (July 30, 1952).</subfield></datafield><datafield ind1=" " ind2=" " tag="752"><subfield code="a">United States</subfield><subfield code="b">West Virginia</subfield><subfield code="c">Hampshire</subfield><subfield code="d">Romney.</subfield></datafield><datafield ind1="0" ind2="0" tag="780"><subfield code="t">Review (Romney, W. Va.)</subfield><subfield code="w">(DLC)sn 85059680</subfield></datafield><datafield ind1="0" ind2="0" tag="785"><subfield code="t">Hampshire review and the South Branch intelligencer</subfield><subfield code="w">(DLC)sn 83002386</subfield></datafield><datafield ind1="1" ind2=" " tag="029"><subfield code="a">AU@</subfield><subfield code="b">000025808687</subfield></datafield></record>